<?xml version="1.0" encoding="UTF-8"?><collection xmlns="http://www.loc.gov/MARC21/slim"><record><leader>00665nam--2200193-u-4500</leader><controlfield tag="001">000054943</controlfield><controlfield tag="002">20161230</controlfield><controlfield tag="005">20161230201051</controlfield><controlfield tag="008">120709s1000------------r-----000-0-eng-d</controlfield><datafield ind1=" " ind2=" " tag="020"><subfield code="a">0306411881</subfield></datafield><datafield ind1=" " ind2=" " tag="040"><subfield code="a">IFIN-HH</subfield></datafield><datafield ind1=" " ind2=" " tag="080"><subfield code="a">539.186:539.196</subfield></datafield><datafield ind1="1" ind2=" " tag="100"><subfield code="a">Hinze, Juergen</subfield></datafield><datafield ind1="1" ind2="0" tag="245"><subfield code="a">Electron-atom and electron-molecule collisions</subfield><subfield code="b">Proceedings of a workshop held may 5-14, 1980, at the centre for interdisciplinary studies, university of bielefeld, bielefeld, germany</subfield><subfield code="c">Juergen hinge (ed.)</subfield></datafield><datafield ind1=" " ind2=" " tag="260"><subfield code="a">New York</subfield><subfield code="b">Plenum Press</subfield><subfield code="c">1983</subfield></datafield><datafield ind1=" " ind2=" " tag="300"><subfield code="a">354P</subfield></datafield><datafield ind1=" " ind2=" " tag="490"><subfield code="a">Physics Of Atoms And Molecules</subfield></datafield><datafield ind1=" " ind2=" " tag="852"><subfield code="a">72123</subfield><subfield code="c">539.18</subfield></datafield><datafield ind1=" " ind2=" " tag="CAT"><subfield code="a">Sys</subfield><subfield code="c">20120709</subfield><subfield code="h">154917</subfield></datafield></record></collection>